<record><leader>00000cas a22000007a 4500</leader><controlfield tag="001">26075198</controlfield><controlfield tag="008">920624d19291937wyuwr ne      0    0eng d</controlfield><datafield ind1=" " ind2=" " tag="010"><subfield code="a">sn 92067102 </subfield></datafield><datafield ind1=" " ind2=" " tag="040"><subfield code="a">NVO</subfield><subfield code="b">eng</subfield><subfield code="c">NVO</subfield><subfield code="d">OCLCQ</subfield></datafield><datafield ind1=" " ind2=" " tag="042"><subfield code="a">msc</subfield></datafield><datafield ind1="0" ind2="4" tag="245"><subfield code="a">The Riverton review and the Riverton chronicle.</subfield></datafield><datafield ind1=" " ind2=" " tag="260"><subfield code="a">Riverton, Fremont County, Wyo. :</subfield><subfield code="b">A.F. Duntsch</subfield></datafield><datafield ind1=" " ind2=" " tag="300"><subfield code="a">v.</subfield></datafield><datafield ind1=" " ind2=" " tag="310"><subfield code="a">Weekly</subfield></datafield><datafield ind1="0" ind2=" " tag="362"><subfield code="a">Vol. 22, no. 38 (Apr. 4, 1929)-v. 30, no. 5 (Aug. 12, 1937).</subfield></datafield><datafield ind1=" " ind2=" " tag="515"><subfield code="a">Numbering is irregular.</subfield></datafield><datafield ind1=" " ind2=" " tag="515"><subfield code="a">Apr. 1929-July 9, 1931 called: Vol. 22.</subfield></datafield><datafield ind1=" " ind2="4" tag="651"><subfield code="a">Riverton (Wyo.)</subfield><subfield code="v">Newspapers.</subfield></datafield><datafield ind1=" " ind2="4" tag="651"><subfield code="a">Fremont County (Wyo.)</subfield><subfield code="v">Newspapers.</subfield></datafield><datafield ind1=" " ind2=" " tag="752"><subfield code="a">United States</subfield><subfield code="b">Wyoming</subfield><subfield code="c">Fremont</subfield><subfield code="d">Riverton.</subfield></datafield><datafield ind1="0" ind2="4" tag="780"><subfield code="t">Riverton review (Riverton, Wyo. : 1915)</subfield><subfield code="w">(DLC)sn 92067101</subfield></datafield><datafield ind1="0" ind2="4" tag="780"><subfield code="t">Riverton chronicle (Riverton, Wyo. : 1916)</subfield><subfield code="w">(DLC)sn 92067088</subfield></datafield><datafield ind1="0" ind2="1" tag="785"><subfield code="t">Riverton review (Riverton, Wyo. : 1937)</subfield><subfield code="w">(DLC)sn 92067105</subfield></datafield><datafield ind1="1" ind2=" " tag="029"><subfield code="a">AU@</subfield><subfield code="b">000020692830</subfield></datafield></record>